@article{biryukov2017equihash,
    title = {Equihash: Asymmetric proof-of-work based on the generalized birthday problem},
    author = {Biryukov, Alex and Khovratovich, Dmitry},
    journal = {Ledger},
    volume = {2},
    pages = {1--30},
    year = {2017}
}

@techreport{kiayias2017non,
    title = {Non-interactive proofs of proof-of-work},
    author = {Kiayias, Aggelos and Miller, Andrew and Zindros, Dionysis},
    year = {2017},
    institution = {Cryptology ePrint Archive, Report 2017/963, 2017. Accessed: 2017-10-03}
}

@inproceedings{reyzin2017improving,
    title = {Improving authenticated dynamic dictionaries, with applications to cryptocurrencies},
    author = {Reyzin, Leonid and Meshkov, Dmitry and Chepurnoy, Alexander and Ivanov, Sasha},
    booktitle = {International Conference on Financial Cryptography and Data Security},
    pages = {376--392},
    year = {2017},
    organization = {Springer}
}

@incollection{meshkov2017short,
    title = {Short Paper: Revisiting Difficulty Control for Blockchain Systems},
    author = {Meshkov, Dmitry and Chepurnoy, Alexander and Jansen, Marc},
    booktitle = {Data Privacy Management, Cryptocurrencies and Blockchain Technology},
    pages = {429--436},
    year = {2017},
    publisher = {Springer}
}

@article{chepurnoy2018systematic,
    title = {A Systematic Approach To Cryptocurrency Fees},
    author = {Chepurnoy, Alexander and Kharin, Vasily and Meshkov, Dmitry},
    journal = {IACR Cryptology ePrint Archive},
    volume = {2018},
    pages = {78},
    year = {2018}
}

@inproceedings{chepurnoy2018self,
    title = {Self-reproducing Coins as Universal Turing Machine},
    author = {Chepurnoy, Alexander and Kharin, Vasily and Meshkov, Dmitry},
    booktitle = {Data Privacy Management, Cryptocurrencies and Blockchain Technology},
    pages = {57--64},
    year = {2018},
    publisher = {Springer}
}

@inproceedings{chepurnoy2018checking,
    title = {Checking laws of the blockchain with property-based testing},
    author = {Chepurnoy, Alexander and Rathee, Mayank},
    booktitle = {Blockchain Oriented Software Engineering (IWBOSE), 2018 International Workshop on},
    pages = {40--47},
    year = {2018},
    organization = {IEEE}
}

@inproceedings{duong2018multi,
    title = {Multi-mode Cryptocurrency Systems},
    author = {Duong, Tuyet and Chepurnoy, Alexander and Zhou, Hong-Sheng},
    booktitle = {Proceedings of the 2nd ACM Workshop on Blockchains, Cryptocurrencies, and Contracts},
    pages = {35--46},
    year = {2018},
    organization = {ACM}
}

@inproceedings{carlsten2016instability,
    title = {On the instability of bitcoin without the block reward},
    author = {Carlsten, Miles and Kalodner, Harry and Weinberg, S Matthew and Narayanan, Arvind},
    booktitle = {Proceedings of the 2016 ACM SIGSAC Conference on Computer and Communications Security},
    pages = {154--167},
    year = {2016},
    organization = {ACM}
}

@article{wsj2018,
    title = {A Fifth of All Bitcoin Is Missing. These Crypto Hunters Can Help},
    author = {Krause, Elliott},
    year = {2018},
    publisher = {The Wall Street Journal}
}

@article{nakamoto2008bitcoin,
    title={Bitcoin: A peer-to-peer electronic cash system},
    author={Nakamoto, Satoshi},
    year={2008},
    publisher={Working Paper}
}